@incollection {Ginzburg,
    AUTHOR = {Ginzburg, Victor},
     TITLE = {Lectures on {N}akajima's quiver varieties},
 BOOKTITLE = {Geometric methods in representation theory. {I}},
    SERIES = {S\'{e}min. Congr.},
    VOLUME = {24},
     PAGES = {145--219},
 PUBLISHER = {Soc. Math. France, Paris},
      YEAR = {2012},
   MRCLASS = {14L24 (16G20 17B67)},
  MRNUMBER = {3202703},
MRREVIEWER = {Xueqing Chen},
}

@article {King,
    AUTHOR = {King, A. D.},
     TITLE = {Moduli of representations of finite-dimensional algebras},
   JOURNAL = {Quart. J. Math. Oxford Ser. (2)},
  FJOURNAL = {The Quarterly Journal of Mathematics. Oxford. Second Series},
    VOLUME = {45},
      YEAR = {1994},
    NUMBER = {180},
     PAGES = {515--530},
      ISSN = {0033-5606},
   MRCLASS = {16G10 (14D25)},
  MRNUMBER = {1315461},
       DOI = {10.1093/qmath/45.4.515},
       URL = {http://dx.doi.org/10.1093/qmath/45.4.515},
}

@article {Kuznetsov,
    AUTHOR = {Kuznetsov, Alexander},
     TITLE = {Quiver varieties and {H}ilbert schemes},
   JOURNAL = {Mosc. Math. J.},
  FJOURNAL = {Moscow Mathematical Journal},
    VOLUME = {7},
      YEAR = {2007},
    NUMBER = {4},
     PAGES = {673--697, 767},
      ISSN = {1609-3321},
   MRCLASS = {14D21 (14C05 16G20 53C26)},
  MRNUMBER = {2372209},
MRREVIEWER = {Roy M. Skjelnes},
       DOI = {10.17323/1609-4514-2007-7-4-673-697},
       URL = {https://doi.org/10.17323/1609-4514-2007-7-4-673-697},
}

@article {hausel-sturmfels,
    AUTHOR = {Hausel, Tam\'{a}s and Sturmfels, Bernd},
     TITLE = {Toric hyper{K}\"{a}hler varieties},
   JOURNAL = {Doc. Math.},
  FJOURNAL = {Documenta Mathematica},
    VOLUME = {7},
      YEAR = {2002},
     PAGES = {495--534},
      ISSN = {1431-0635},
   MRCLASS = {53C26 (14M25 53D20)},
  MRNUMBER = {2015052},
MRREVIEWER = {Andrew Dancer},
}

@article {CB-vdB,
    AUTHOR = {Crawley-Boevey, William and Van den Bergh, Michel},
     TITLE = {Absolutely indecomposable representations and {K}ac-{M}oody
              {L}ie algebras},
      NOTE = {With an appendix by Hiraku Nakajima},
   JOURNAL = {Invent. Math.},
  FJOURNAL = {Inventiones Mathematicae},
    VOLUME = {155},
      YEAR = {2004},
    NUMBER = {3},
     PAGES = {537--559},
      ISSN = {0020-9910},
   MRCLASS = {17B67 (17B10)},
  MRNUMBER = {2038196},
MRREVIEWER = {Raf Bocklandt},
       DOI = {10.1007/s00222-003-0329-0},
       URL = {https://doi.org/10.1007/s00222-003-0329-0},
}